@misc{hinton2015distilling,
	title={Distilling the Knowledge in a Neural Network}, 
	author={Geoffrey Hinton and Oriol Vinyals and Jeff Dean},
	year={2015},
	eprint={1503.02531},
	archivePrefix={arXiv},
	primaryClass={stat.ML}
}